#------------------------------------- WEBSITE
@misc{rrrnyt,
  author = {Freed, Richard},
  title = {Karajan vs. Karajan vs. Karajan vs\ldots},
  howpublished = {\\ \url{https://www.nytimes.com/1990/03/18/arts/recordings-karajan-vs-karajan-vs-karajan-vs.html} (2019/12/20)}
}

@misc{raprmt,
  author = {Richard, André},
  title = {Nono: PROMETEO in Parma. Interview with André Richard},
  howpublished = {\\ \url{  https://www.ricordi.com/en-US/News/2017/05/Prometeo-Richard-new-edition.aspx} (2019/12/20)}
}

#------------------------------------- ARTICLES
@article{ab58,
  author={Blumlein, Alan Dower},
  year={1958},
  title={British Patent Specification 394,325},
  journal={JAES, vol. 6, no. 2, p.91}
}

@article{savi85,
  author={Sylviane, Sapir and Vidolin, Alvise},
  year={1985},
  title={Interazioni fra tempo e gesto. Note tecniche sulla realizzazione informatica di Prometeo},
  journal={Musica e Tecnologia: Industria e Cultura per lo sviluppo del mezzogiorno. - VI Colloquio di Informatica Musicale}
}

@article{ml85,
  author={Lupone, Michelangelo},
  year={1985},
  title={System fly},
  journal={Musica e Tecnologia: Industria e Cultura per lo sviluppo del mezzogiorno. - VI Colloquio di Informatica Musicale}
}

@article{ml91,
  author={Lupone, Michelangelo and De Vitis, Alessandra and Pellecchia, Antonio},
  year={1991},
  title={CRM: From the FLY10 to the FLY30 System},
  journal={IX Colloquio di Informatica Musicale}
}

@article{mp01,
  author={Puckette, Miller},
  year={2001},
  title={New Public-Domain Realizations of Standard Pieces for Instruments and Live Electronics},
  journal={International Computer Music Conference}
}

@article{bevi05,
  author={Bernardini, Nicola and Vidolin, Alvise},
  year={2005},
  title={Sustainable Live Electro-Acoustic Music},
  journal={Sound and Music Computing}
}

@article{rw05,
  author={Polfreman, Richard and Sheppard, David and Dearden, Ian},
  year={2005},
  title={Re-Wired: Reworking 20th Century Live Electronics for today},
  journal={International Computer Music Conference}
}

@article{lem16,
  author={Lemouton, Serge},
  year={2016},
  title={Computer music interpretation in practice},
  journal={International Computer Music Conference}
}

#------------------------------------- BOOK
@incollection{nono85,
  AUTHOR = {Nono, Luigi},
  TITLE = {Altre possibilità di ascolto},
  YEAR = {1985},
  BOOKTITLE = {Scritti e Colloqui I},
  EDITOR = {De Benedictis, Angela Ida and Rizzardi, Veniero},
  PUBLISHER = {Ricordi LIM},
  PAGES = {525-539}
}

@incollection{nono84,
  AUTHOR = {Nono, Luigi},
  TITLE = {Questa machina da sonàr},
  YEAR = {1984},
  BOOKTITLE = {Scritti e Colloqui I},
  EDITOR = {De Benedictis, Angela Ida and Rizzardi, Veniero},
  PUBLISHER = {Ricordi LIM},
  PAGES = {403-405}
}

#------------------------------------- CD
@misc{alCD90,
  author = {Collins, Nicolas},
  year={1990},
  title = {I am sitting in a room - Lovely Music, Ltd - CD}
}

#------------------------------------- SCORE
@book{ropr25,
  author={Respighi, Ottorino},
  year={1925},
  title={I pini di Roma},
  publisher={G. Ricordi and Co.}
}

@book{cjil39,
  author={Cage, John},
  year={1939},
  title={Imaginnary Landscape No. 1},
  publisher={Peters Edition EP 6716}
}

@book{lais69,
  author={Lucier, Alvin},
  year={1969},
  title={I am sitting in a room},
  publisher={Material Press}
}

@book{pbdod85,
  author={Pierre Boulez},
  year={1985},
  title={Dialogue de l'ombre double},
  publisher={Universal Edition}
}

@book{nlre87,
  author={Nono, Luigi},
  year={2016},
  title={Risonanze Erranti},
  publisher={Ricordi}
}

@book{lmml91,
  author={Lupone, Michelangelo},
  year={1991},
  title={Mobile Locale},
  publisher={Musica Verticale}
}
